@misc{sbcl,
title = "{Steel Bank Common Lisp}",
howpublished = "{\url{http://www.sbcl.org/}}"
}

@misc{abcl,
title = "{Armed Bear Common Lisp}",
howpublished = "{\url{https://abcl.org/}}"
}

@misc{asdf,
title = "{ASDF -- Another System Definition Facility}",
howpublished = "{\url{https://common-lisp.net/project/asdf/}}"
}

@misc{ql,
author = "Zach Beane",
title = "{Quicklisp}",
howpublished = "{\url{https://www.quicklisp.org/beta/}}"
}

@misc{quicklisp-https,
author = "SANO Masatoshi",
title = "{Quicklisp-HTTPS}",
howpublished = "{\url{https://github.com/snmsts/quicklisp-https/}}"
}

@misc{dexador,
author = "{Eitaro Fukamachi}",
title = "{Dexador}",
howpublished = "{\url{https://github.com/fukamachi/dexador/}}"
}

@misc{qlot,
author = "{Eitaro Fukamachi}",
title = "{Qlot}",
howpublished = "{\url{https://github.com/fukamachi/qlot/}}"
}

@misc{roswell,
author = "SANO Masatoshi",
title = "{Roswell}",
howpublished = "{\url{https://github.com/roswell/roswell/}}"
}

@misc{portability,
author = "Nicolas Hafner",
title = "{Common Lisp Portability Library Status}",
howpublished = "{\url{https://portability.cl/}}"
}

@misc{ultralisp,
author = "Alexander Artemenko",
title = "{Ultralisp - Fast Common Lisp Repository}",
howpublished = "{\url{https://ultralisp.org/}}"
}

@misc{virtualenvwrapper,
author = "Doug Hellmann",
title = "{virtualenvwrapper}",
howpublished = "{\url{https://virtualenvwrapper.readthedocs.io/en/latest/}}"
}

@misc{bundler,
author = "{Andr√© Arko and Engine Yard}",
title = "{Bundler: The best way to manage a Ruby application's gems}",
howpublished = "{\url{https://bundler.io/}}"
}

